<?xml version="1.0" encoding="UTF-8"?><record xmlns="http://www.loc.gov/MARC21/slim" xmlns:cinclude="http://apache.org/cocoon/include/1.0" xmlns:zs="http://www.loc.gov/zing/srw/">
  <leader>00473cz  a2200133n  4500</leader>
  <controlfield tag="001">n  91058592 </controlfield>
  <controlfield tag="003">DLC</controlfield>
  <controlfield tag="005">19910621064612.7</controlfield>
  <controlfield tag="008">910613n| acannaab|          |a aaa |||  </controlfield>
  <datafield tag="010" ind1=" " ind2=" ">
    <subfield code="a">n  91058592 </subfield>
  </datafield>
  <datafield tag="040" ind1=" " ind2=" ">
    <subfield code="a">DLC</subfield>
    <subfield code="c">DLC</subfield>
    <subfield code="d">DLC</subfield>
  </datafield>
  <datafield tag="100" ind1="1" ind2="0">
    <subfield code="a">Babunashvili, G. V.</subfield>
  </datafield>
  <datafield tag="400" ind1="1" ind2="0">
    <subfield code="a">Babunašvili, Giorgi Vaxtangis że</subfield>
  </datafield>
  <datafield tag="670" ind1=" " ind2=" ">
    <subfield code="a">His Ėkonomicheskie problemy rat︠s︡ionalʹnogo prirodopolʹzovanii︠a︡, 1987:</subfield>
    <subfield code="b">t.p. (G.V. Babunashvili) colophon (Babunašvili, Giorgi Vaxtangis że)</subfield>
  </datafield>
</record>